@book{quillen,
  author = {Quillen, Daniel G.},
  publisher = {Springer-Verlag},
  series = {Lecture Notes in Mathematics},
  title = {Homotopical Algebra},
  volume = 43,
  year = 1967
}

@book{brown,
  title={Abstract Homotopy Theory and Generalized Sheaf Cohomology},
  author={Brown, K.S.},
  year={1973},
}

@book{baues,
  title={Algebraic Homotopy},
  author={Baues, H.J.},
  isbn={9780521333764},
  lccn={86032738},
  series={Australian Mathematical Society Lecture Series},
  url={http://books.google.ru/books?id=T6RyIBxDC54C},
  year={1989},
  publisher={Cambridge University Press}
}

@book{lurie-topos,
   title = "Higher topos theory",
   author = "Lurie, Jacob",
   series = "Annals of mathematics studies",
   publisher = "Princeton University Press",
   address = "Princeton, N.J., Oxford",
   url = "http://opac.inria.fr/record=b1128872",
   isbn = "978-0-691-14048-3",
   year = 2009
}

@book{lurie-algebra,
   title = "Higher algebra",
   author = "Lurie, Jacob",
   note = "Unpublished"
}

@ARTICLE{kap-lum-voe,
   author = {{Kapulkin}, C. and {LeFanu Lumsdaine}, P. and {Voevodsky}, V.
	},
    title = "{The Simplicial Model of Univalent Foundations}",
  journal = {ArXiv e-prints},
archivePrefix = "arXiv",
   eprint = {1211.2851},
 primaryClass = "math.LO",
 keywords = {Mathematics - Logic, Mathematics - Algebraic Topology, Mathematics - Category Theory, Primary: 03B15, 55U10, Secondary: 18C50, 55U35},
     year = 2012,
    month = nov,
   adsurl = {http://adsabs.harvard.edu/abs/2012arXiv1211.2851K},
  adsnote = {Provided by the SAO/NASA Astrophysics Data System}
}

@ARTICLE{kap-lum-voe-uni,
   author = {{Kapulkin}, C. and {LeFanu Lumsdaine}, P. and {Voevodsky}, V.
	},
    title = "{Univalence in Simplicial Sets}",
  journal = {ArXiv e-prints},
archivePrefix = "arXiv",
   eprint = {1203.2553},
 primaryClass = "math.AT",
 keywords = {Mathematics - Algebraic Topology, Mathematics - Category Theory, 55U10 (Primary) 55U35 (Secondary)},
     year = 2012,
    month = mar,
   adsurl = {http://adsabs.harvard.edu/abs/2012arXiv1203.2553K},
  adsnote = {Provided by the SAO/NASA Astrophysics Data System}
}

@ARTICLE{shul-inv,
   author = {{Shulman}, M.},
    title = "{Univalence for inverse diagrams and homotopy canonicity}",
  journal = {ArXiv e-prints},
archivePrefix = "arXiv",
   eprint = {1203.3253},
 primaryClass = "math.CT",
 keywords = {Mathematics - Category Theory, 18C50},
     year = 2012,
    month = mar,
   adsurl = {http://adsabs.harvard.edu/abs/2012arXiv1203.3253S},
  adsnote = {Provided by the SAO/NASA Astrophysics Data System}
}

@ARTICLE{shul-eleg,
   author = {{Shulman}, M.},
    title = "{The univalence axiom for elegant Reedy presheaves}",
  journal = {ArXiv e-prints},
archivePrefix = "arXiv",
   eprint = {1307.6248},
 primaryClass = "math.AT",
 keywords = {Mathematics - Algebraic Topology, Mathematics - Category Theory},
     year = 2013,
    month = jul,
   adsurl = {http://adsabs.harvard.edu/abs/2013arXiv1307.6248S},
  adsnote = {Provided by the SAO/NASA Astrophysics Data System}
}

@ARTICLE{cisinski-eleg,
   author = {{Cisinski}, D.-C.},
    title = "{Univalent universes for elegant models of homotopy types}",
  journal = {ArXiv e-prints},
archivePrefix = "arXiv",
   eprint = {1406.0058},
 primaryClass = "math.AT",
 keywords = {Mathematics - Algebraic Topology, Mathematics - Category Theory, Mathematics - Logic},
     year = 2014,
    month = may,
   adsurl = {http://adsabs.harvard.edu/abs/2014arXiv1406.0058C},
  adsnote = {Provided by the SAO/NASA Astrophysics Data System}
}

@inproceedings{circle,
 author = {Licata, Daniel R. and Shulman, Michael},
 title = {Calculating the Fundamental Group of the Circle in Homotopy Type Theory},
 booktitle = {Proceedings of the 2013 28th Annual ACM/IEEE Symposium on Logic in Computer Science},
 series = {LICS '13},
 year = {2013},
 isbn = {978-0-7695-5020-6},
 pages = {223--232},
 numpages = {10},
 url = {http://dx.doi.org/10.1109/LICS.2013.28},
 doi = {10.1109/LICS.2013.28},
 acmid = {2591407},
 publisher = {IEEE Computer Society},
 address = {Washington, DC, USA},
} 

@incollection {MLTT72,
    AUTHOR = {Martin-L{\"o}f, Per},
     TITLE = {An intuitionistic theory of types},
 BOOKTITLE = {Twenty-five years of constructive type theory ({V}enice,
              1995)},
    SERIES = {Oxford Logic Guides},
    VOLUME = {36},
     PAGES = {127--172},
 PUBLISHER = {Oxford Univ. Press, New York},
      YEAR = {1998},
   MRCLASS = {03B15 (03F55)},
  MRNUMBER = {1686864},
}

@incollection{MLTT73,
    AUTHOR = {Martin-L{\"o}f, Per},
     TITLE = {An intuitionistic theory of types: predicative part},
 BOOKTITLE = {Logic {C}olloquium '73 ({B}ristol, 1973)},
     PAGES = {73--118. Studies in Logic and the Foundations of Mathematics,
              Vol. 80},
 PUBLISHER = {North-Holland, Amsterdam},
      YEAR = {1975},
   MRCLASS = {02C15 (02D99)},
  MRNUMBER = {0387009 (52 \#7856)},
MRREVIEWER = {Horst Luckhardt},
}

@incollection{MLTT79,
    AUTHOR = {Martin-L{\"o}f, Per},
     TITLE = {Constructive mathematics and computer programming},
 BOOKTITLE = {Logic, methodology and philosophy of science, {VI}
              ({H}annover, 1979)},
    SERIES = {Stud. Logic Found. Math.},
    VOLUME = {104},
     PAGES = {153--175},
 PUBLISHER = {North-Holland, Amsterdam},
      YEAR = {1982},
   MRCLASS = {03F50 (03B70 03F55 68Q45)},
  MRNUMBER = {682410 (85d:03112)},
MRREVIEWER = {B. H. Mayoh},
       DOI = {10.1016/S0049-237X(09)70189-2},
       URL = {http://dx.doi.org/10.1016/S0049-237X(09)70189-2},
}

@book{MLTT-bibliopolis,
    AUTHOR = {Martin-L{\"o}f, Per},
     TITLE = {Intuitionistic type theory},
    SERIES = {Studies in Proof Theory. Lecture Notes},
    VOLUME = {1},
      NOTE = {Notes by Giovanni Sambin},
 PUBLISHER = {Bibliopolis, Naples},
      YEAR = {1984},
     PAGES = {iv+91},
      ISBN = {88-7088-105-9},
   MRCLASS = {03B15 (03F50 03F55)},
  MRNUMBER = {769301 (86j:03005)},
MRREVIEWER = {M. M. Richter},
}

@article{CoC,
title = "The calculus of constructions",
journal = "Information and Computation",
volume = "76",
number = "2",
pages = "95 - 120",
year = "1988",
note = "",
issn = "0890-5401",
doi = "http://dx.doi.org/10.1016/0890-5401(88)90005-3",
url = "http://www.sciencedirect.com/science/article/pii/0890540188900053",
author = "Thierry Coquand and Gérard Huet",
abstract = ""
}

@incollection{howard,
    author = {Howard, William A.},
    booktitle = {To H. B. Curry: Essays on Combinatory Logic, Lambda Calculus, and Formalism},
    citeulike-article-id = {5917448},
    comment = {Reprint of 1969 article},
    editor = {Seldin, J. P. and Hindley, J. R.},
    keywords = {dissertation},
    pages = {479--490},
    posted-at = {2009-10-09 20:21:48},
    priority = {0},
    publisher = {Academic Press},
    title = {{The formulas-as-types notion of construction}},
    year = {1980}
}

@inproceedings{seely,
    author = {R. A. G. Seely},
    title = {Locally cartesian closed categories and type theory},
    booktitle = {Math. Proc. Camb. Phil. Soc.},
    pages = {33–48},
    year = {1984}
}

@inproceedings{hofmann,
    author = {Martin Hofmann},
    title = {On the Interpretation of Type Theory in Locally Cartesian Closed Categories},
    booktitle = {Proceedings of Computer Science Logic, Lecture Notes in Computer Science},
    year = {1994},
    pages = {427--441},
    publisher = {Springer}
}

@inproceedings{wadler,
    author = {Philip Wadler},
    title = {Theorems for free!},
    booktitle = {Functional Programming Languages and Computer Architecture},
    year = {1989},
    pages = {347--359},
    publisher = {ACM Press}
}

@article{induction-recursion,
    author = {Peter Dybjer},
    title = {A General Formulation of Simultaneous Inductive-Recursive Definitions in Type Theory},
    journal = {Journal of Symbolic Logic},
    year = {1998},
    volume = {65},
    pages = {2000}
}

@inproceedings{without-k,
 author = {Cockx, Jesper and Devriese, Dominique and Piessens, Frank},
 title = {Pattern Matching Without {K}},
 booktitle = {Proceedings of the 19th ACM SIGPLAN International Conference on Functional Programming},
 series = {ICFP '14},
 year = {2014},
 isbn = {978-1-4503-2873-9},
 location = {Gothenburg, Sweden},
 pages = {257--268},
 numpages = {12},
 url = {http://doi.acm.org/10.1145/2628136.2628139},
 doi = {10.1145/2628136.2628139},
 acmid = {2628139},
 publisher = {ACM},
 address = {New York, NY, USA},
 keywords = {agda, dependent pattern matching, homotopy type theory, k axiom},
}

@book{hott-book,
  author =    {The {Univalent Foundations Program}},
  title =     {Homotopy Type Theory: Univalent Foundations of Mathematics},
  publisher = {http://homotopytypetheory.org/book},
  address =   {Institute for Advanced Study},
  year =      2013
}

@inproceedings{groupoid,
    author = {Martin Hofmann and Thomas Streicher},
    title = {The Groupoid Interpretation of Type Theory},
    booktitle = {In Venice Festschrift},
    year = {1996},
    pages = {83--111},
    publisher = {Oxford University Press}
}

@article{awodey,
   author = {{Awodey}, S.},
    title = "{Type theory and homotopy}",
  journal = {ArXiv e-prints},
archivePrefix = "arXiv",
   eprint = {1010.1810},
 primaryClass = "math.CT",
 keywords = {Mathematics - Category Theory, Mathematics - Logic, 18G55},
     year = 2010,
    month = oct,
   adsurl = {http://adsabs.harvard.edu/abs/2010arXiv1010.1810A},
  adsnote = {Provided by the SAO/NASA Astrophysics Data System}
}

@article{warren,
   author = {{Awodey}, S. and {Warren}, M.~A.},
    title = "{Homotopy theoretic models of identity types}",
  journal = {ArXiv e-prints},
archivePrefix = "arXiv",
   eprint = {0709.0248},
 primaryClass = "math.LO",
 keywords = {Mathematics - Logic, Mathematics - Algebraic Topology, Mathematics - Category Theory, 18C50 (Primary), 18G55, 03B15, 03F65 (Secondary)},
     year = 2007,
    month = sep,
   adsurl = {http://adsabs.harvard.edu/abs/2007arXiv0709.0248A},
  adsnote = {Provided by the SAO/NASA Astrophysics Data System}
}

@article{cubical,
   author = {{Bezem}, Marc and {Coquand}, Thierry and {Huber}, Simon},
    title = "{A model of type theory in cubical sets}",
     year = 2014
}

@book{luo94,
    author      = "Zhaohui Luo",
    title       = "{C}omputation and {R}easoning: {A} {T}ype {T}heory for {C}omputer {S}cience",
    publisher   = "{O}xford {U}niversity {P}ress",
    year        = "1994"
}

@article{GAT,
    title = "Generalised algebraic theories and contextual categories ",
    journal = "Annals of Pure and Applied Logic ",
    volume = "32",
    number = "",
    pages = "209 - 243",
    year = "1986",
    note = "",
    issn = "0168-0072",
    doi = "http://dx.doi.org/10.1016/0168-0072(86)90053-9",
    url = "http://www.sciencedirect.com/science/article/pii/0168007286900539",
    author = "John Cartmell"
}

@article{EAT,
    year={1999},
    issn={0002-5240},
    journal={algebra universalis},
    volume={41},
    number={3},
    doi={10.1007/s000120050111},
    title={On essentially algebraic theorries and their generalizations},
    url={http://dx.doi.org/10.1007/s000120050111},
    publisher={Birkhäuser Verlag},
    author={Adámek, J. and Hébert, M. and Rosický, J.},
    pages={213-227},
}

@book{LPC,
    author = "J. Adamek and J. Rosicky",
    title = {Locally Presentable and Accessible Categories}, 
    publisher = {Cambridge University Press}, 
    year = {1994},
    isbn = {9780511600579}, 
    url = {http://dx.doi.org/10.1017/CBO9780511600579}
}

@article{monad-equational-presentation,
    title = "Adjunctions whose counits are coequalizers, and presentations of finitary enriched monads ",
    journal = "Journal of Pure and Applied Algebra ",
    volume = "89",
    number = "1–2",
    pages = "163 - 179",
    year = "1993",
    note = "",
    issn = "0022-4049",
    doi = "http://dx.doi.org/10.1016/0022-4049(93)90092-8",
    url = "http://www.sciencedirect.com/science/article/pii/0022404993900928",
    author = "G.M. Kelly and A.J. Power",
    abstract = "A right adjoint functor is said to be of descent type if the counit of the adjunction is pointwise a coequalizer. Building on the results of Tholen's doctoral thesis, we give necessary and sufficient conditions for a composite to be of descent type when each factor is so. We apply this to show that every finitary monad on a locally-finitely-presentable enriched category A admits a presentation in terms of basic operations and equations between derived operations, the arties here being the finitely-presentable objects of A. "
}

@article{b-systems,
   author = {{Voevodsky}, V.},
    title = "{B-systems}",
  journal = {ArXiv e-prints},
archivePrefix = "arXiv",
   eprint = {1410.5389},
 primaryClass = "math.LO",
 keywords = {Mathematics - Logic, Mathematics - Category Theory, 03B15, 03B22, 03F50, 03G25},
     year = 2014,
    month = oct,
   adsurl = {http://adsabs.harvard.edu/abs/2014arXiv1410.5389V},
  adsnote = {Provided by the SAO/NASA Astrophysics Data System}
}

@article{c-systems,
   author = {{Voevodsky}, V.},
    title = "{Subsystems and regular quotients of C-systems}",
  journal = {ArXiv e-prints},
archivePrefix = "arXiv",
   eprint = {1406.7413},
 primaryClass = "math.LO",
 keywords = {Mathematics - Logic, 03B15, 03B22, 03F50, 03G25},
     year = 2014,
    month = jun,
   adsurl = {http://adsabs.harvard.edu/abs/2014arXiv1406.7413V},
  adsnote = {Provided by the SAO/NASA Astrophysics Data System}
}

@article{c-systems-monad,
   author = {{Voevodsky}, V.},
    title = "{C-system of a module over a monad on sets}",
  journal = {ArXiv e-prints},
archivePrefix = "arXiv",
   eprint = {1407.3394},
 primaryClass = "math.LO",
 keywords = {Mathematics - Logic, 03B15, 03B22, 03F50, 03G25},
     year = 2014,
    month = jul,
   adsurl = {http://adsabs.harvard.edu/abs/2014arXiv1407.3394V},
  adsnote = {Provided by the SAO/NASA Astrophysics Data System}
}

@article{PHL,
    title = "Partial Horn logic and cartesian categories ",
    journal = "Annals of Pure and Applied Logic ",
    volume = "145",
    number = "3",
    pages = "314 - 353",
    year = "2007",
    note = "",
    issn = "0168-0072",
    doi = "http://dx.doi.org/10.1016/j.apal.2006.10.001",
    url = "http://www.sciencedirect.com/science/article/pii/S0168007206001229",
    author = "E. Palmgren and S.J. Vickers",
    keywords = "Cartesian theory",
    keywords = "Essentially algebraic",
    keywords = "Free algebra",
    keywords = "Classifying category",
    keywords = "Syntactic category",
    keywords = "Partial algebra "
}

@book{elephant,
   title = "Sketches of an elephant : a topos theory compendium",
   author = "Johnstone, Peter T.",
   series = "Oxford Logic Guides",
   publisher = "Clarendon Press",
   address = "Oxford",
   url = "http://opac.inria.fr/record=b1107183",
   isbn = "0-19-853425-6",
   note = "Autre tirage : 2008",
   year = 2002
}

@article{local-universes,
 author = {Lumsdaine, Peter Lefanu and Warren, Michael A.},
 title = {The Local Universes Model: An Overlooked Coherence Construction for Dependent Type Theories},
 journal = {ACM Trans. Comput. Logic},
 issue_date = {July 2015},
 volume = {16},
 number = {3},
 month = jul,
 year = {2015},
 issn = {1529-3785},
 pages = {23:1--23:31},
 articleno = {23},
 numpages = {31},
 url = {http://doi.acm.org/10.1145/2754931},
 doi = {10.1145/2754931},
 acmid = {2754931},
 publisher = {ACM},
 address = {New York, NY, USA},
 keywords = {Categorical semantics, coherence theorems, comprehension categories, dependent type theory},
} 
